@article{liu_zhang_spear_2014, title={Dynamic-sized nonblocking hash tables}, DOI={10.1145/2611462.2611495}, journal={Proceedings of the 2014 ACM symposium on Principles of distributed computing - PODC 14}, author={Liu, Yujie and Zhang, Kunlong and Spear, Michael}, year={2014}, pages={242–251}}

@article{shalev_shavit_2006, title={Split-ordered lists}, volume={53}, DOI={10.1145/1147954.1147958}, number={3}, journal={Journal of the ACM}, author={Shalev, Ori and Shavit, Nir}, year={2006}, month={Jan}, pages={379–405}}

@book{herlihy_shavit_2012, place={Boston, MA}, title={The Art of Multiprocessor Programming}, publisher={Elsevier}, author={Herlihy, Maurice and Shavit, Nir}, year={2012}}